<record xmlns="http://www.loc.gov/MARC21/slim" xmlns:xsi="http://www.w3.org/2001/XMLSchema-instance" xsi:schemaLocation="http://www.loc.gov/MARC21/slim http://www.loc.gov/standards/marcxml/schema/MARC21slim.xsd"><leader>02434nam a2200469   4500</leader><controlfield tag="001">1910620</controlfield><controlfield tag="003">NIC</controlfield><controlfield tag="006">m        d        </controlfield><controlfield tag="007">cr cn |||m|||a</controlfield><controlfield tag="008">150223s1965    iq      ob    000 p ararc</controlfield><datafield ind1=" " ind2=" " tag="040"><subfield code="a">NNU</subfield><subfield code="b">eng</subfield><subfield code="e">rda</subfield><subfield code="c">NNU</subfield></datafield><datafield ind1=" " ind2="4" tag="050"><subfield code="a">PJ7750.S26</subfield><subfield code="b">A6 1965</subfield></datafield><datafield ind1="1" ind2=" " tag="100"><subfield code="6">880-01</subfield><subfield code="a">S&#803;a&#772;h&#803;ib al-T&#803;a&#772;lqa&#772;ni&#772;, Abu&#772; al-Qa&#772;sim Isma&#772;&#699;i&#772;l ibn &#699;Abba&#772;d,</subfield><subfield code="d">936-995.</subfield></datafield><datafield ind1="1" ind2="0" tag="240"><subfield code="6">880-02</subfield><subfield code="a">Ash&#699;a&#772;r</subfield></datafield><datafield ind1="1" ind2="0" tag="245"><subfield code="6">880-03</subfield><subfield code="a">Di&#772;wa&#772;n al-S&#803;a&#772;h&#803;ib ibn &#699;Abba&#772;d /</subfield><subfield code="c">tah&#803;qi&#772;q Muh&#803;ammad H&#803;asan A&#772;l Ya&#772;si&#772;n.</subfield></datafield><datafield ind1="1" ind2="4" tag="246"><subfield code="a">Diwan al-Sahib ben-&#699;Abbad</subfield></datafield><datafield ind1=" " ind2=" " tag="250"><subfield code="6">880-04</subfield><subfield code="a">[al-T&#803;ab&#699;ah 1].</subfield></datafield><datafield ind1=" " ind2=" " tag="260"><subfield code="6">880-05</subfield><subfield code="a">Baghda&#772;d :</subfield><subfield code="b">Maktabat al-Nahd&#803;ah,</subfield><subfield code="c">[1965]</subfield></datafield><datafield ind1=" " ind2=" " tag="300"><subfield code="a">online resource (324 pages)</subfield></datafield><datafield ind1=" " ind2=" " tag="336"><subfield code="a">text</subfield><subfield code="2">rdacontent</subfield></datafield><datafield ind1=" " ind2=" " tag="337"><subfield code="a">computer</subfield><subfield code="2">rdamedia</subfield></datafield><datafield ind1=" " ind2=" " tag="338"><subfield code="a">online resource</subfield><subfield code="2">rdacarrier</subfield></datafield><datafield ind1=" " ind2=" " tag="500"><subfield code="a">Part of the Arabic Collections Online (ACO) project, contributed by Cornell University Libraries.</subfield></datafield><datafield ind1=" " ind2=" " tag="504"><subfield code="a">Includes bibliographical references (pages 322-324).</subfield></datafield><datafield ind1=" " ind2=" " tag="533"><subfield code="a">Electronic reproduction.</subfield><subfield code="b">New York, N.Y. :</subfield><subfield code="c">New York University,</subfield><subfield code="d">2015.</subfield><subfield code="5">NNU</subfield></datafield><datafield ind1=" " ind2="0" tag="650"><subfield code="a">Arabic poetry</subfield><subfield code="y">750-1258.</subfield></datafield><datafield ind1=" " ind2="7" tag="650"><subfield code="a">Arabic poetry.</subfield><subfield code="2">fast</subfield><subfield code="0">(OCoLC)fst00812533</subfield></datafield><datafield ind1=" " ind2="7" tag="648"><subfield code="a">750 - 1258</subfield><subfield code="2">fast</subfield></datafield><datafield ind1="1" ind2=" " tag="700"><subfield code="6">880-06</subfield><subfield code="a">A&#772;l Ya&#772;si&#772;n, Muh&#803;ammad H&#803;asan.</subfield></datafield><datafield ind1="2" ind2=" " tag="710"><subfield code="a">Cornell University.</subfield><subfield code="b">Libraries.</subfield></datafield><datafield ind1="0" ind2=" " tag="730"><subfield code="a">Arabic Collections Online.</subfield></datafield><datafield ind1="0" ind2="8" tag="776"><subfield code="i">Online version:</subfield><subfield code="a">S&#803;a&#772;h&#803;ib al-T&#803;a&#772;lqa&#772;ni&#772;, Abu&#772; al-Qa&#772;sim Isma&#772;&#699;i&#772;l ibn &#699;Abba&#772;d, 936-995.</subfield><subfield code="t">Di&#772;wa&#772;n al-S&#803;a&#772;h&#803;ib ibn &#699;Abba&#772;d.</subfield><subfield code="b">[al-T&#803;ab&#699;ah 1].</subfield><subfield code="d">Baghda&#772;d : Maktabat al-Nahd&#803;ah, [1965]</subfield><subfield code="w">(OCoLC)571226005</subfield></datafield><datafield ind1="0" ind2="8" tag="776"><subfield code="i">Print version:</subfield><subfield code="a">S&#803;a&#772;h&#803;ib al-T&#803;a&#772;lqa&#772;ni&#772;, Abu&#772; al-Qa&#772;sim Isma&#772;&#699;i&#772;l ibn &#699;Abba&#772;d, 936-995.</subfield><subfield code="t">Di&#772;wa&#772;n al-S&#803;a&#772;h&#803;ib ibn &#699;Abba&#772;d</subfield><subfield code="w">(NIC)1910620</subfield><subfield code="w">(DLC)ne 65002491 </subfield><subfield code="w">(OCoLC)21994835</subfield></datafield><datafield ind1="4" ind2="0" tag="856"><subfield code="u">http://hdl.handle.net/2333.1/c2fqz87x</subfield></datafield><datafield ind1="1" ind2=" " tag="880"><subfield code="6">100-01/r</subfield><subfield code="a">&#1589;&#1575;&#1581;&#1576;&#1548; &#1575;&#1604;&#1591;&#1575;&#1604;&#1602;&#1575;&#1606;&#1610;&#1548; &#1571;&#1576;&#1608; &#1575;&#1604;&#1602;&#1575;&#1587;&#1605; &#1573;&#1587;&#1605;&#1575;&#1593;&#1610;&#1604; &#1576;&#1606; &#1593;&#1576;&#1575;&#1583;&#1548;,</subfield><subfield code="d">936-995.</subfield></datafield><datafield ind1="1" ind2="0" tag="880"><subfield code="6">240-02/r</subfield><subfield code="a">&#1571;&#1588;&#1593;&#1575;&#1585;</subfield></datafield><datafield ind1="1" ind2="0" tag="880"><subfield code="6">245-03/r</subfield><subfield code="a">&#1583;&#1610;&#1608;&#1575;&#1606; &#1575;&#1604;&#1589;&#1575;&#1581;&#1576; &#1576;&#1606; &#1593;&#1576;&#1575;&#1583; /</subfield><subfield code="c">&#1578;&#1581;&#1602;&#1610;&#1602; &#1605;&#1581;&#1605;&#1583; &#1581;&#1587;&#1606; &#1570;&#1604; &#1610;&#1587;.</subfield></datafield><datafield ind1=" " ind2=" " tag="880"><subfield code="6">250-04/r</subfield><subfield code="a">[&#1575;&#1604;&#1591;&#1576;&#1593;&#1577; 1].</subfield></datafield><datafield ind1=" " ind2=" " tag="880"><subfield code="6">260-05/r</subfield><subfield code="a">&#1576;&#1594;&#1583;&#1575;&#1583; :</subfield><subfield code="b">&#1605;&#1603;&#1578;&#1576;&#1577; &#1575;&#1604;&#1606;&#1607;&#1590;&#1577;&#1548;</subfield><subfield code="c">[1965]</subfield></datafield><datafield ind1="1" ind2=" " tag="880"><subfield code="6">700-06/r</subfield><subfield code="a">&#1570;&#1604; &#1610;&#1575;&#1587;&#1610;&#1606;&#1548; &#1605;&#1581;&#1605;&#1583; &#1581;&#1587;&#1606;.</subfield></datafield><datafield ind1=" " ind2=" " tag="959"><subfield code="a">NNU</subfield><subfield code="b">WEB</subfield><subfield code="c">GENI</subfield><subfield code="t">0</subfield><subfield code="m">Electronic access</subfield><subfield code="s">01</subfield></datafield><datafield ind1=" " ind2=" " tag="999"><subfield code="i">NIC_1910620</subfield><subfield code="o">(OCoLC)ocm21994835</subfield><subfield code="s">cornell_aco000066</subfield></datafield></record>